<record><leader>00000cas a22000007a 4500</leader><controlfield tag="001">14452171</controlfield><controlfield tag="008">861021d18741877mouwr ne      0    0eng d</controlfield><datafield ind1=" " ind2=" " tag="010"><subfield code="a">sn 86053821 </subfield></datafield><datafield ind1=" " ind2=" " tag="040"><subfield code="a">NPX</subfield><subfield code="b">eng</subfield><subfield code="c">NPX</subfield><subfield code="d">MQN</subfield><subfield code="d">NVF</subfield><subfield code="d">OCLCQ</subfield><subfield code="d">OCLCF</subfield><subfield code="d">OCLCO</subfield></datafield><datafield ind1="1" ind2=" " tag="029"><subfield code="a">AU@</subfield><subfield code="b">000025795841</subfield></datafield><datafield ind1=" " ind2=" " tag="042"><subfield code="a">msc</subfield></datafield><datafield ind1=" " ind2=" " tag="043"><subfield code="a">n-us-mo</subfield></datafield><datafield ind1="0" ind2="0" tag="245"><subfield code="a">Stoddard County messenger.</subfield></datafield><datafield ind1="3" ind2="0" tag="246"><subfield code="a">Stoddard messenger</subfield></datafield><datafield ind1="3" ind2="0" tag="246"><subfield code="a">Messenger</subfield></datafield><datafield ind1=" " ind2=" " tag="260"><subfield code="a">Bloomfield, Mo. :</subfield><subfield code="b">Orlando C. Jones</subfield></datafield><datafield ind1=" " ind2=" " tag="300"><subfield code="a">v. ;</subfield><subfield code="c">60 cm.</subfield></datafield><datafield ind1=" " ind2=" " tag="310"><subfield code="a">Weekly</subfield></datafield><datafield ind1="1" ind2=" " tag="362"><subfield code="a">Began in 1874; ceased in 1877.</subfield><subfield code="z">Cf. Taft, W.H. Mo. newspapers: when and where, 1808-1963.</subfield></datafield><datafield ind1=" " ind2=" " tag="500"><subfield code="a">"County" appears above title ornament, &lt;1876&gt;.</subfield></datafield><datafield ind1=" " ind2=" " tag="500"><subfield code="a">Democratic. Cf. Rowell, 1877.</subfield></datafield><datafield ind1=" " ind2=" " tag="515"><subfield code="a">Irregularities in numbering?</subfield></datafield><datafield ind1=" " ind2=" " tag="588"><subfield code="a">Description based on: Vol. 6, no. 21 (Jan. 8, 1876).</subfield></datafield><datafield ind1=" " ind2="0" tag="651"><subfield code="a">Stoddard County (Mo.)</subfield><subfield code="v">Newspapers.</subfield></datafield><datafield ind1=" " ind2="7" tag="655"><subfield code="a">Newspapers.</subfield><subfield code="2">fast</subfield><subfield code="0">(OCoLC)fst01423814</subfield></datafield><datafield ind1=" " ind2="7" tag="651"><subfield code="a">Missouri</subfield><subfield code="z">Stoddard County.</subfield><subfield code="2">fast</subfield><subfield code="0">(OCoLC)fst01215964</subfield></datafield><datafield ind1=" " ind2=" " tag="752"><subfield code="a">United States</subfield><subfield code="b">Missouri</subfield><subfield code="c">Stoddard</subfield><subfield code="d">Bloomfield.</subfield></datafield><datafield ind1=" " ind2=" " tag="752"><subfield code="a">United States</subfield><subfield code="b">Missouri</subfield><subfield code="c">Stoddard</subfield><subfield code="d">Dexter.</subfield></datafield><datafield ind1="0" ind2="0" tag="780"><subfield code="t">Southeast reporter (Bloomfield, Mo. : 1871)</subfield><subfield code="w">(DLC)sn 85033827</subfield></datafield><datafield ind1="0" ind2="7" tag="785"><subfield code="t">Dexter City enterprise</subfield><subfield code="w">(DLC)sn 86054028</subfield></datafield><datafield ind1="0" ind2="7" tag="785"><subfield code="t">Enterprise-messenger</subfield><subfield code="w">(DLC)sn 89066282</subfield></datafield></record>